<record><leader>00000cas a2200000 a 4500</leader><controlfield tag="001">12099324</controlfield><controlfield tag="008">850531d19151923ksuwr ne      0    0eng d</controlfield><datafield ind1=" " ind2=" " tag="010"><subfield code="a">sn 85029243 </subfield></datafield><datafield ind1=" " ind2=" " tag="040"><subfield code="a">KSH</subfield><subfield code="b">eng</subfield><subfield code="c">KSH</subfield><subfield code="d">NPT</subfield><subfield code="d">OCL</subfield><subfield code="d">OCLCQ</subfield></datafield><datafield ind1=" " ind2=" " tag="042"><subfield code="a">msc</subfield></datafield><datafield ind1="0" ind2=" " tag="130"><subfield code="a">Labor chronicle (Leavenworth, Kan. : 1915)</subfield></datafield><datafield ind1="1" ind2="4" tag="245"><subfield code="a">The labor chronicle.</subfield></datafield><datafield ind1=" " ind2=" " tag="260"><subfield code="a">Leavenworth, Kan. :</subfield><subfield code="b">[James F. O'Connor],</subfield><subfield code="c">1915-1923.</subfield></datafield><datafield ind1=" " ind2=" " tag="300"><subfield code="a">9 v. :</subfield><subfield code="b">ill. ;</subfield><subfield code="c">55 cm.</subfield></datafield><datafield ind1=" " ind2=" " tag="310"><subfield code="a">Weekly</subfield></datafield><datafield ind1="0" ind2=" " tag="362"><subfield code="a">Vol. 6, no. 38 (Feb. 12, 1915)-v. 15, no. 10 (June 15, 1923).</subfield></datafield><datafield ind1=" " ind2=" " tag="500"><subfield code="a">Published by J.D. Brown, Dec. 31, 1915-June 9, 1916.</subfield></datafield><datafield ind1=" " ind2=" " tag="500"><subfield code="a">"The working man's paper," Aug. 16, 1918-June 15, 1923.</subfield></datafield><datafield ind1=" " ind2=" " tag="752"><subfield code="a">United States</subfield><subfield code="b">Kansas</subfield><subfield code="c">Leavenworth</subfield><subfield code="d">Leavenworth.</subfield></datafield><datafield ind1="0" ind2="0" tag="780"><subfield code="t">Labor chronicle and resubmissionist</subfield><subfield code="w">(DLC)sn 85029247</subfield></datafield><datafield ind1="0" ind2="0" tag="785"><subfield code="t">Chronicle (Leavenworth, Kan.)</subfield><subfield code="w">(DLC)sn 85029245</subfield></datafield></record>